<?xml version="1.0" encoding="UTF-8"?><collection xmlns="http://www.loc.gov/MARC21/slim"><record><leader>00398nam--2200133-i-4500</leader><controlfield tag="001">000027362</controlfield><controlfield tag="002">20161230</controlfield><controlfield tag="005">20161230201036</controlfield><controlfield tag="008">060222s1000------------r-----000-0-eng-d</controlfield><datafield ind1=" " ind2=" " tag="080"><subfield code="a">681.3.06:659.2</subfield></datafield><datafield ind1=" " ind2=" " tag="100"><subfield code="a">Korfhage, Robert R</subfield></datafield><datafield ind1=" " ind2=" " tag="245"><subfield code="a">Logic and algorithms. with applications to the computer and information science</subfield></datafield><datafield ind1=" " ind2=" " tag="260"><subfield code="a">New York, John Wiley &amp; Sons Inc., 1966. X + 194p</subfield></datafield><datafield ind1=" " ind2=" " tag="852"><subfield code="a">36549</subfield></datafield></record></collection>